<?xml version="1.0" encoding="UTF-8"?><collection xmlns="http://www.loc.gov/MARC21/slim"><record><leader>00418nam--2200145-i-4500</leader><controlfield tag="001">000031379</controlfield><controlfield tag="002">20161230</controlfield><controlfield tag="005">20161230201038</controlfield><controlfield tag="008">060222s1000------------r-----000-0-eng-d</controlfield><datafield ind1=" " ind2=" " tag="080"><subfield code="a">517.93</subfield></datafield><datafield ind1=" " ind2=" " tag="100"><subfield code="a">Mc Lachlan, N.W</subfield></datafield><datafield ind1=" " ind2=" " tag="245"><subfield code="a">Ordinary non-linear differential equations in engineering and physical sciences</subfield></datafield><datafield ind1=" " ind2=" " tag="260"><subfield code="a">Oxford, Clarendon, Press 1950. 201p</subfield></datafield><datafield ind1=" " ind2=" " tag="852"><subfield code="a">1712</subfield><subfield code="c">517.9</subfield></datafield><datafield ind1=" " ind2=" " tag="CAT"><subfield code="a">Sys</subfield><subfield code="c">20080922</subfield><subfield code="h">124307</subfield></datafield></record></collection>